@misc{chollet:2015keras,
  title={Keras},
  author={Chollet, Fran\c{c}ois and others},
  year={2015},
  publisher={GitHub},
  howpublished={\url{https://github.com/fchollet/keras}},
}

@misc{tensorflow:2015whitepaper,
  title={{TensorFlow}: Large-Scale Machine Learning on Heterogeneous Systems},
  url={https://www.tensorflow.org/},
  note={Software available from tensorflow.org},
  author={Mart\'{i}n~Abadi and others},
  year={2015},
}

@article{paszke2017automatic,
  title={Automatic differentiation in PyTorch},
  author={Paszke, Adam and Gross, Sam and Chintala, Soumith and Chanan, Gregory and Yang, Edward and DeVito, Zachary and Lin, Zeming and Desmaison, Alban and Antiga, Luca and Lerer, Adam},
  year={2017}
}

@article{nagler:2011,
	doi = {10.1038/nphys1860},
	year = 2011,
	month = {January},
	publisher = {Springer Science and Business Media {LLC}},
	volume = {7},
	number = {3},
	pages = {265--270},
	author = {Jan Nagler and Anna Levina and Marc Timme},
	title = {Impact of single links in competitive percolation},
	journal = {Nature Physics},
	eprint={1105.1386},
	archivePrefix={arXiv},
}

@misc{lorente:2021,
      title={Image Classification with Classic and Deep Learning Techniques},
      author={Òscar Lorente and Ian Riera and Aditya Rana},
      year={2021},
      eprint={2105.04895},
      archivePrefix={arXiv},
      primaryClass={cs.CV}
}

@article{tegmark:2017,
	title={Why Does Deep and Cheap Learning Work So Well?},
	volume={168},
	ISSN={1572-9613},
	eprint={1608.08225},
	archivePrefix={arXiv},
	number={6},
	journal={Journal of Statistical Physics},
	publisher={Springer Science and Business Media LLC},
	author={Lin, Henry W. and Tegmark, Max and Rolnick, David},
	year={2017},
	month={Jul},
    pages={1223–1247}
}

@misc{bahrini:2023,
      title={ChatGPT: Applications, Opportunities, and Threats},
      author={Aram Bahrini and Mohammadsadra Khamoshifar and Hossein Abbasimehr and Robert J. Riggs and Maryam Esmaeili and Rastin Mastali Majdabadkohne and Morteza Pasehvar},
      year={2023},
      eprint={2304.09103},
      archivePrefix={arXiv},
      primaryClass={cs.CY}
}

@misc{schmidt:2019,
      title={Recurrent Neural Networks (RNNs): A gentle Introduction and Overview},
      author={Robin M. Schmidt},
      year={2019},
      eprint={1912.05911},
      archivePrefix={arXiv},
      primaryClass={cs.LG}
}

@article{fukami:2019, 
    title={Super-resolution reconstruction of turbulent flows with machine learning},
    volume={870},
    DOI={10.1017/jfm.2019.238},
    journal={Journal of Fluid Mechanics},
    publisher={Cambridge University Press},
    author={Fukami, Kai and Fukagata, Koji and Taira, Kunihiko},
    year={2019},
    pages={106–120},
}

@misc{vandal:2017,
  doi = {10.48550/ARXIV.1703.03126},
  url = {https://arxiv.org/abs/1703.03126},
  author = {Vandal, Thomas and Kodra, Evan and Ganguly, Sangram and Michaelis, Andrew and Nemani, Ramakrishna and Ganguly, Auroop R},
  keywords = {Computer Vision and Pattern Recognition (cs.CV), FOS: Computer and information sciences, FOS: Computer and information sciences},
  title = {DeepSD: Generating High Resolution Climate Change Projections through Single Image Super-Resolution},
  publisher = {arXiv},
  year = {2017},
  copyright = {arXiv.org perpetual, non-exclusive license}
}

@article{ling:2016,
    title={Reynolds averaged turbulence modelling using deep neural networks with embedded invariance},
    volume={807}, DOI={10.1017/jfm.2016.615},
    journal={Journal of Fluid Mechanics},
    publisher={Cambridge University Press},
    author={Ling, Julia and Kurzawski, Andrew and Templeton, Jeremy},
    year={2016},
    pages={155–166}
}

@misc{wang:2019,
  doi = {10.48550/ARXIV.1911.08655},
  url = {https://arxiv.org/abs/1911.08655},
  author = {Wang, Rui and Kashinath, Karthik and Mustafa, Mustafa and Albert, Adrian and Yu, Rose},
  title = {Towards Physics-informed Deep Learning for Turbulent Flow Prediction},
  publisher = {arXiv},
  year = {2019},
  copyright = {arXiv.org perpetual, non-exclusive license}
}

@misc{kingma:2017,
      title={Adam: A Method for Stochastic Optimization}, 
      author={Diederik P. Kingma and Jimmy Ba},
      year={2017},
      eprint={1412.6980},
      archivePrefix={arXiv},
      primaryClass={cs.LG}
}

@article{lin:2017,
   title={Why Does Deep and Cheap Learning Work So Well?},
   volume={168},
   ISSN={1572-9613},
   url={http://dx.doi.org/10.1007/s10955-017-1836-5},
   DOI={10.1007/s10955-017-1836-5},
   number={6},
   journal={Journal of Statistical Physics},
   publisher={Springer Science and Business Media LLC},
   author={Lin, Henry W. and Tegmark, Max and Rolnick, David},
   year={2017},
   month=jul, pages={1223–1247} 
}

@misc{daw:2017,
  doi = {10.48550/ARXIV.1710.11431},
  url = {https://arxiv.org/abs/1710.11431},
  author = {Daw, Arka and Karpatne, Anuj and Watkins, William and Read, Jordan and Kumar, Vipin},
  title = {Physics-guided Neural Networks (PGNN): An Application in Lake Temperature Modeling},
  publisher = {arXiv},
  year = {2017},  
  copyright = {arXiv.org perpetual, non-exclusive license}
}

@misc{stewart:2016,
  doi = {10.48550/ARXIV.1609.05566},
  url = {https://arxiv.org/abs/1609.05566},
  author = {Stewart, Russell and Ermon, Stefano},
  title = {Label-Free Supervision of Neural Networks with Physics and Domain Knowledge},
  publisher = {arXiv},
  year = {2016},  
  copyright = {arXiv.org perpetual, non-exclusive license}
}

@article{fukami:2019, 
    title={Super-resolution reconstruction of turbulent flows with machine learning},
    volume={870},
    DOI={10.1017/jfm.2019.238},
    journal={Journal of Fluid Mechanics},
    publisher={Cambridge University Press},
    author={Fukami, Kai and Fukagata, Koji and Taira, Kunihiko},
    year={2019},
    pages={106–120},
}

@misc{jia:2018,
  doi = {10.48550/ARXIV.1810.13075},
  url = {https://arxiv.org/abs/1810.13075},  
  author = {Jia, Xiaowei and Willard, Jared and Karpatne, Anuj and Read, Jordan and Zwart, Jacob and Steinbach, Michael and Kumar, Vipin},
  title = {Physics Guided RNNs for Modeling Dynamical Systems: A Case Study in Simulating Lake Temperature Profiles},
  publisher = {arXiv},
  year = {2018},  
  copyright = {arXiv.org perpetual, non-exclusive license}
}

@article{read:2019,
    author = {Read, Jordan S. and Jia, Xiaowei and Willard, Jared and Appling, Alison P. and Zwart, Jacob A. and Oliver, Samantha K. and Karpatne, Anuj and Hansen, Gretchen J. A. and Hanson, Paul C. and Watkins, William and Steinbach, Michael and Kumar, Vipin},
    title = {Process-Guided Deep Learning Predictions of Lake Water Temperature},
    journal = {Water Resources Research},
    volume = {55},
    number = {11},
    pages = {9173-9190},
    doi = {https://doi.org/10.1029/2019WR024922},
    url = {https://agupubs.onlinelibrary.wiley.com/doi/abs/10.1029/2019WR024922},
    eprint = {https://agupubs.onlinelibrary.wiley.com/doi/pdf/10.1029/2019WR024922},
    year = {2019}
}

@inproceedings{xiong:2019,
    author = {Xiong, Yuanhao and Zheng, Guanjie and Xu, Kai and Li, Zhenhui},
    title = {Learning Traffic Signal Control from Demonstrations},
    year = {2019},
    isbn = {9781450369763},
    publisher = {Association for Computing Machinery},
    address = {New York, NY, USA},
    url = {https://doi.org/10.1145/3357384.3358079},
    doi = {10.1145/3357384.3358079},
    booktitle = {Proceedings of the 28th ACM International Conference on Information and Knowledge Management},
    pages = {2289–2292},
    numpages = {4},
    keywords = {reinforcement learning, traffic signal control},
    location = {Beijing, China},
    series = {CIKM '19}
}

@article{xu:2015,
    title = {Data-driven methods to improve baseflow prediction of a regional groundwater model},
    journal = {Computers \& Geosciences},
    volume = {85},
    pages = {124-136},
    year = {2015},
    note = {Statistical learning in geoscience modelling: Novel algorithms and challenging case studies},
    issn = {0098-3004},
    doi = {https://doi.org/10.1016/j.cageo.2015.05.016},
    url = {https://www.sciencedirect.com/science/article/pii/S0098300415001284},
    author = {Tianfang Xu and Albert J. Valocchi},
}

@misc{daw:2019,
    title={Physics-Guided Architecture (PGA) of Neural Networks for Quantifying Uncertainty in Lake Temperature   Modeling}, 
    author={Arka Daw and R. Quinn Thomas and Cayelan C. Carey and Jordan S. Read and Alison P. Appling and Anuj Karpatne},
    year={2019},
    eprint={1911.02682},
    archivePrefix={arXiv},
    primaryClass={cs.LG}
}

@inproceedings{zheng:2021,
  title={Knowledge-based Residual Learning},
  author={Guanjie Zheng and Chang Liu and Hua Wei and P. Jenkins and Chacha Chen and Tao Wen and Zhenhui Jessie Li},
  booktitle={International Joint Conference on Artificial Intelligence},
  year={2021},
  url={https://api.semanticscholar.org/CorpusID:237100167}
}

@misc{muralidar:2019,
  doi = {10.48550/ARXIV.1911.04240}, 
  url = {https://arxiv.org/abs/1911.04240},
  author = {Muralidhar, Nikhil and Bu, Jie and Cao, Ze and He, Long and Ramakrishnan, Naren and Tafti, Danesh and Karpatne, Anuj},
  title = {Physics-guided Design and Learning of Neural Networks for Predicting Drag Force on Particle Suspensions in Moving Fluids},
  publisher = {arXiv},
  year = {2019},
  copyright = {arXiv.org perpetual, non-exclusive license}
}

@misc{ahlebæk:2022,
      title={The hybrid approach -- Convolutional Neural Networks and Expectation Maximization Algorithm -- for Tomographic Reconstruction of Hyperspectral Images}, 
      author={Mads J. Ahlebæk and Mads S. Peters and Wei-Chih Huang and Mads T. Frandsen and René L. Eriksen and Bjarke Jørgensen},
      year={2022},
      eprint={2205.15772},
      archivePrefix={arXiv},
      primaryClass={eess.IV}
}

@misc{bousmalis:2017,
      title={Using Simulation and Domain Adaptation to Improve Efficiency of Deep Robotic Grasping}, 
      author={Konstantinos Bousmalis and Alex Irpan and Paul Wohlhart and Yunfei Bai and Matthew Kelcey and Mrinal Kalakrishnan and Laura Downs and Julian Ibarz and Peter Pastor and Kurt Konolige and Sergey Levine and Vincent Vanhoucke},
      year={2017},
      eprint={1709.07857},
      archivePrefix={arXiv},
      primaryClass={cs.LG}
}

@misc{yang:2020,
    title={Enforcing Deterministic Constraints on Generative Adversarial Networks for Emulating Physical Systems}, 
    author={Zeng Yang and Jin-Long Wu and Heng Xiao},
    year={2020},
    eprint={1911.06671},
    archivePrefix={arXiv},
    primaryClass={physics.comp-ph}
}

@article{chen:2017,
    author = {Chen, Hu and Zhang, Yi and Kalra, Mannudeep and Lin, Feng and Chen, Yang and Liao, Peixi and Zhou, Jiliu and Wang, Ge},
    year = {2017},
    month = {06},
    pages = {2524-2535},
    title = {Low-Dose CT With a Residual Encoder-Decoder Convolutional Neural Network},
    volume = {36},
    journal = {IEEE Transactions on Medical Imaging},
    doi = {10.1109/TMI.2017.2715284}
}

@proceedings{liu:2019,
    author = {Liu, Dehao and Wang, Yan},
    title = "{Multi-Fidelity Physics-Constrained Neural Network and its Application in Materials Modeling}",
    volume = {Volume 2A: 45th Design Automation Conference},
    series = {International Design Engineering Technical Conferences and Computers and Information in Engineering Conference},
    year = {2019},
    month = {08},
    doi = {10.1115/DETC2019-98115},
    url = {https://doi.org/10.1115/DETC2019-98115},
    note = {V02AT03A007},
    eprint = {https://asmedigitalcollection.asme.org/IDETC-CIE/proceedings-pdf/IDETC-CIE2019/59186/V02AT03A007/6452942/v02at03a007-detc2019-98115.pdf},
}